0135T231380104121042882201810012313NCitadel           Wells Fargo        US     
100123138010412104288220181001201810012313IGA1      Contact Name  5558675552    
200123138010412104288220181001201810019999      1   01                          
25      123456789 031300012             555888100001000001              GD1Y030B
261121042882201810011              938383            01   Test Payee     Y10    
2711A             00340                                 CD Addendum B           
2801121042882201810011              Y10A                   0                    
501031300012201810010000000000000000000000000000000000000         0             
52121042882201810011 1              Sec Orig Name   Sec Auth Name   SECURE          0                00000    0000001 
542202222222             10222222222222                                         
70000700000010000000000010000000001                    0                        
200123138010412104288220181001201810019999      1   01                          
31031300012             55588810000100000A03G201810011               2B0        
321121042882201810011              938383            01   Test Payee     Y10    
33Payor Bank Name         1234567891              20181001Payor Account Name    
3411A             00340                                 RD Addendum C           
3501121042882201810011              Y10A                   0                    
501031300012201810010000000000000000000000000000000000000         0             
52121042882201810011 1              Sec Orig Name   Sec Auth Name   SECURE          0                00000    0000001 
542202222222             10222222222222                                         
70000800000010000000000000000000001                    0                        
900000020000001500000000200000000000002                  201810010              
9900000100000023000000150000000000200000                        0               