0135T231380104121042882201810101237NCitadel           Wells Fargo        US     
100123138010412104288220181010201810101237IGA1      Contact Name  5558675552    
62      123456789 031300012             5558881000000001000001              G101                    
200123138010412104288220181010201810109999      1   01                          
25      123456789 031300012             555888100001000001              GD1Y030B
261121042882201810101              938383            01   Test Payee     Y10    
2711A             00340                                 CD Addendum B           
2802121042882201810101              Y10A                   0                    
501031300012201810100000000000000000000000000000000000000         0             
52121042882201810101 1              Sec Orig Name   Sec Auth Name   SECURE          0                00000    0000001 
542202222222             10222222222222                                         
25      123456789 031300012             555888100001000002              GD1Y030B
262121042882201810102              938383            01   Test Payee     Y10    
2711A             00340                                 CD Addendum B           
2803121042882201810102              Y10A                   0                    
501031300012201810100000000000000000000000000000000000000         0             
52121042882201810101 1              Sec Orig Name   Sec Auth Name   SECURE          0                00000    0000001 
542202222222             10222222222222                                         
70001400000020000000000020000000002                    0                        
900000010000001400000000200000000000002                  201810100              
100123138010412104288220181010201810101237IGA2      Contact Name  5558675552    
200123138010412104288220181010201810109999      1   01                          
25      123456789 031300012             555888100001000001              GD1Y030B
261121042882201810101              938383            01   Test Payee     Y10    
2711A             00340                                 CD Addendum B           
2802121042882201810101              Y10A                   0                    
501031300012201810100000000000000000000000000000000000000         0             
52121042882201810101 1              Sec Orig Name   Sec Auth Name   SECURE          0                00000    0000001 
542202222222             10222222222222                                         
25      123456789 031300012             555888100001000002              GD1Y030B
262121042882201810102              938383            01   Test Payee     Y10    
2711A             00340                                 CD Addendum B           
2803121042882201810102              Y10A                   0                    
501031300012201810100000000000000000000000000000000000000         0             
52121042882201810101 1              Sec Orig Name   Sec Auth Name   SECURE          0                00000    0000001 
542202222222             10222222222222                                         
70001400000020000000000020000000002                    0                        
900000010000001400000000200000000000002                  201810100              
9900000200000038000000280000000000400000                        0               